@ARTICLE{4686273, 
	author={Lin Dai and Letaief, K.B.}, 
	journal={Communications, IEEE Transactions on}, 
	title={Throughput maximization of ad-hoc wireless networks using adaptive cooperative diversity and truncated ARQ}, 
	year={2008}, 
	month={November}, 
	volume={56}, 
	number={11}, 
	pages={1907-1918}, 
	keywords={ad hoc networks;automatic repeat request;block codes;diversity reception;optimisation;orthogonal codes;protocols;space-time codes;ad-hoc wireless networks;adaptive cooperative diversity;cooperative diversity protocols;discrete optimal packet length;orthogonal space-time block code;packet retransmission;throughput maximization;truncated ARQ;Adaptive systems;Automatic repeat request;Block codes;Cross layer design;Cyclic redundancy check;Physical layer;Protocols;Relays;Throughput;Wireless networks;Cooperative diversity;MIMO;ad-hoc networks;adaptive resource allocation;crosslayer design;truncated ARQ}, 
	doi={10.1109/TCOMM.2008.041164}, 
	ISSN={0090-6778},
}
@ARTICLE{730453, 
	author={Alamouti, S.}, 
	journal={Selected Areas in Communications, IEEE Journal on}, 
	title={A simple transmit diversity technique for wireless communications}, 
	year={1998}, 
	month={Oct}, 
	volume={16}, 
	number={8}, 
	pages={1451-1458}, 
	keywords={antenna arrays;cellular radio;computational complexity;diversity reception;receiving antennas;transmitting antennas;cellular communications;computation complexity;diversity order;maximal-ratio receiver combining;receive antenna;transmit antennas;two-branch transmit diversity;wireless communications;AWGN;Bandwidth;Base stations;Bit error rate;Diversity reception;Fading;Receiving antennas;Transmitters;Transmitting antennas;Wireless communication}, 
	doi={10.1109/49.730453}, 
	ISSN={0733-8716},
}